@article{de2013rotation,
  title={The rotation rates of massive stars: the role of binary interaction through tides, mass transfer, and mergers},
  author={De Mink, SE and Langer, N and Izzard, RG and Sana, Hugues and de Koter, Alex},
  journal={The Astrophysical Journal},
  volume={764},
  number={2},
  pages={166},
  year={2013},
  publisher={IOP Publishing}
}

