@article{de2013rotation,
  title={The rotation rates of massive stars: the role of binary interaction through tides, mass transfer, and mergers},
  author={De Mink, SE and Langer, N and Izzard, RG and Sana, Hugues and de Koter, Alex},
  journal={The Astrophysical Journal},
  volume={764},
  number={2},
  pages={166},
  year={2013},
  publisher={IOP Publishing}
}

@article{schneider2014bonnsai,
  title={Bonnsai: a Bayesian tool for comparing stars with stellar evolution models},
  author={Schneider, FRN and Langer, Norbert and de Koter, Alex and Brott, Ines and Izzard, Robert G and Lau, Herbert HB},
  journal={Astronomy \& Astrophysics},
  volume={570},
  pages={A66},
  year={2014},
  publisher={EDP Sciences}
}

@article{zapartas2017delay,
  title={Delay-time distribution of core-collapse supernovae with late events resulting from binary interaction},
  author={Zapartas, E and de Mink, SE and Izzard, RG and Yoon, S-C and Badenes, C and G{\"o}tberg, Y and de Koter, A and Neijssel, CJ and Renzo, M and Schootemeijer, A and others},
  journal={Astronomy \& Astrophysics},
  volume={601},
  pages={A29},
  year={2017},
  publisher={EDP Sciences}
}

@article{toonen2012supernova,
  title={Supernova Type Ia progenitors from merging double white dwarfs-Using a new population synthesis model},
  author={Toonen, Silvia and Nelemans, Gijs and Zwart, S Portegies},
  journal={Astronomy \& Astrophysics},
  volume={546},
  pages={A70},
  year={2012},
  publisher={EDP Sciences}
}

@article{stevenson2017formation,
  title={Formation of the first three gravitational-wave observations through isolated binary evolution},
  author={Stevenson, Simon and Vigna-G{\'o}mez, Alejandro and Mandel, Ilya and Barrett, Jim W and Neijssel, Coenraad J and Perkins, David and de Mink, Selma E},
  journal={Nature Communications},
  volume={8},
  year={2017},
  publisher={Nature Publishing Group}
}

@article{hurley2000comprehensive,
  title={Comprehensive analytic formulae for stellar evolution as a function of mass and metallicity},
  author={Hurley, Jarrod R and Pols, Onno R and Tout, Christopher A},
  journal={Monthly Notices of the Royal Astronomical Society},
  volume={315},
  number={3},
  pages={543--569},
  year={2000},
  publisher={Wiley Online Library}
}

@article{hurley2002evolution,
  title={Evolution of binary stars and the effect of tides on binary populations},
  author={Hurley, Jarrod R and Tout, Christopher A and Pols, Onno R},
  journal={Monthly Notices of the Royal Astronomical Society},
  volume={329},
  number={4},
  pages={897--928},
  year={2002},
  publisher={The Royal Astronomical Society}
}

@article{izzard2004new,
  title={A new synthetic model for asymptotic giant branch stars},
  author={Izzard, Robert G and Tout, Christopher A and Karakas, Amanda I and Pols, Onno R},
  journal={Monthly Notices of the Royal Astronomical Society},
  volume={350},
  number={2},
  pages={407--426},
  year={2004},
  publisher={Blackwell Science Ltd Oxford, UK}
}

@article{izzard2009population,
  title={Population synthesis of binary carbon-enhanced metal-poor stars},
  author={Izzard, Robert G and Glebbeek, Evert and Stancliffe, Richard J and Pols, OR},
  journal={Astronomy \& Astrophysics},
  volume={508},
  number={3},
  pages={1359--1374},
  year={2009},
  publisher={EDP Sciences}
}

@article{pols1998stellar,
  title={Stellar evolution models for Z= 0.0001 to 0.03},
  author={Pols, Onno R and Hurley, Jarrod R and Tout, Christopher A and Eggleton, Peter P and others},
  journal={Monthly Notices of the Royal Astronomical Society},
  volume={298},
  number={2},
  pages={525--536},
  year={1998},
  publisher={Wiley Online Library}
}

@article{abbott2016observation,
  title={Observation of gravitational waves from a binary black hole merger},
  author={Abbott, Benjamin P and Abbott, Richard and Abbott, TD and Abernathy, MR and Acernese, Fausto and Ackley, Kendall and Adams, Carl and Adams, Thomas and Addesso, Paolo and Adhikari, RX and others},
  journal={Physical review letters},
  volume={116},
  number={6},
  pages={061102},
  year={2016},
  publisher={APS}
}

@article{belczynski2008compact,
  title={Compact object modeling with the StarTrack population synthesis code},
  author={Belczynski, Krzysztof and Kalogera, Vassiliki and Rasio, Frederic A and Taam, Ronald E and Zezas, Andreas and Bulik, Tomasz and Maccarone, Thomas J and Ivanova, Natalia},
  journal={The Astrophysical Journal Supplement Series},
  volume={174},
  number={1},
  pages={223},
  year={2008},
  publisher={IOP Publishing}
}

@article{portegies1996population,
  title={Population synthesis of high-mass binaries.},
  author={Portegies Zwart, SF and Verbunt, Frank},
  journal={Astronomy and Astrophysics},
  volume={309},
  pages={179--196},
  year={1996}
}

@article{verbunt1996high,
  title={High-energy observations of the millisecond pulsar PSR J0218+ 4232},
  author={Verbunt, Frank and Kuiper, Lucien and Belloni, Tomaso and Johnston, Helen M and De Bruyn, AG and Hermsen, Wim and van der Klis, Michiel},
  journal={Astronomy and Astrophysics},
  volume={311},
  pages={L9--L12},
  year={1996}
}

%@article{Kruckow:2018slo,
%      author         = "Kruckow, Matthias U. and Tauris, Thomas M. and Langer,
%                        Norbert and Kramer, Michael and Izzard, Robert G.",
%      title          = "{Progenitors of gravitational wave mergers: Binary
%                        evolution with the stellar grid based code ComBinE}",
%      year           = "2018",
%      eprint         = "1801.05433",
%      archivePrefix  = "arXiv",
%      primaryClass   = "astro-ph.SR",
%      SLACcitation   = "%%CITATION = ARXIV:1801.05433;%%"
%}

@article{barrett2017accuracy,
  title={Accuracy of inference on the physics of binary evolution from gravitational-wave observations},
  author={Barrett, Jim W and Gaebel, Sebastian M and Neijssel, Coenraad J and Vigna-G{\'o}mez, Alejandro and Stevenson, Simon and Berry, Christopher PL and Farr, Will M and Mandel, Ilya},
  journal={arXiv preprint arXiv:1711.06287},
  year={2017}
}

@article{belczynski2017gw170104,
  title={GW170104 and the origin of heavy, low-spin binary black holes via classical isolated binary evolution},
  author={Belczynski, K and Klencki, J and Meynet, G and Fryer, CL and Brown, DA and Chruslinska, M and Gladysz, W and O'Shaughnessy, R and Bulik, T and Berti, E and others},
  journal={arXiv preprint arXiv:1706.07053},
  year={2017}
}

@article{belczynski2016first,
  title={The first gravitational-wave source from the isolated evolution of two stars in the 40--100 solar mass range},
  author={Belczynski, Krzysztof and Holz, Daniel E and Bulik, Tomasz and O`Shaughnessy, Richard},
  journal={Nature},
  volume={534},
  number={7608},
  pages={512--515},
  year={2016},
  publisher={Nature Publishing Group}
}

@article{kroupa2001variation,
  title={On the variation of the initial mass function},
  author={Kroupa, Pavel},
  journal={Monthly Notices of the Royal Astronomical Society},
  volume={322},
  number={2},
  pages={231--246},
  year={2001},
  publisher={Blackwell Science Ltd Oxford, UK}
}

@article{opik1924statistical,
  title={Statistical Studies of Double Stars: On the Distribution of Relative Luminosities and Distances of Double Stars in the Harvard Revised Photometry North of Declination-31Â°},
  author={{\"O}pik, Ernst},
  journal={Publications of the Tartu Astrofizica Observatory},
  volume={25},
  year={1924}
}

@article{kobulnicky2014toward,
  title={Toward complete statistics of massive binary stars: penultimate results from the Cygnus OB2 radial velocity survey},
  author={Kobulnicky, Henry A and Kiminki, Daniel C and Lundquist, Michael J and Burke, Jamison and Chapman, James and Keller, Erica and Lester, Kathryn and Rolen, Emily K and Topel, Eric and Bhattacharjee, Anirban and others},
  journal={The Astrophysical Journal Supplement Series},
  volume={213},
  number={2},
  pages={34},
  year={2014},
  publisher={IOP Publishing}
}

@article{moe2015early,
  title={Early-type Eclipsing Binaries with Intermediate Orbital Periods},
  author={Moe, Maxwell and Di Stefano, Rosanne},
  journal={The Astrophysical Journal},
  volume={810},
  number={1},
  pages={61},
  year={2015},
  publisher={IOP Publishing}
}